@ARTICLE{dataloc:1,
    AUTHOR="Wolf, M. E. and Lam, M.",
    TITLE="A Data Locality Optimizing Algorithm",
    JOURNAL="Computer Systems Laboratory Stanford University, CA 94305",
    YEAR="1991",
}

@ARTICLE{looptil:1,
    AUTHOR="Wolfe, M.",
    TITLE="More Iteration Space Tiling",
    JOURNAL="Oregon Graduate Center ",
    YEAR="1989",
}

@ARTICLE{dramsram:1,
    AUTHOR="Ulrich Drepper",
    TITLE="What Every Programmer Should Know About Memory",
    JOURNAL="Red Hat, Inc.",
    YEAR="2007",
}


@BOOK{looptilpar:1,
    AUTHOR="Jingling Xue",
    TITLE="Loop Tiling for Parallelism",
    PUBLISHER="Kluwer Academic Publishers",
    YEAR="2000",
}

